@article{Barker2004,
         author = {Barker, D. M. and Wei Huang and Y. -R. Guo and A. J. Bourgeois and Q. N. Xiao},
         title = {A Three-Dimensional Variational Data Assimilation System for {MM5}: Implementation and Initial Results}, 
         journal = {Mon. Wea. Rev.},
         year = {2004},
         volume = 132,
         pages = {897--914}}

@article{Tanguay2012,
	author = {Tanguay, Monique and Luc, Fillion and Lapalme, Ervig and Lajoie, Manon},
	title = {Four-Dimensional Variational Data Assimilation for the Canadian Regional Deterministic Prediction System},
	journal = {Mon. Wea. Rev.},
	year ={2012},
	volume =140,
	pages = {1517--1538},
	doi = {http://dx.doi.org/10.1175/MWR-D-11-00160.1}}

@article{Barker2012,
         author = {Barker, D. M. and X.-Y., Huang and Z., Liu and T.,  Aulign\'e and Xin, Zhang and S., Rugg and R., Ajjaji and A. Bourgeois and J., Bray and Y., Chen and M., Demirtas and Y.-R., Guo and T, Henderson and W., Huang and H.-C., Lin and J., Michalakes and S., Rizvi and Xiaoyan, Zhang },
         title = {The Weather Research and Forecasting ({WRF}) Model's Community Variational/Ensemble Data Assimilation System: {WRFDA}.}, 
         journal = {Bull. Amer. Meteor. Soc.},
         year = {2012},
         volume = 93,
         pages = {831--843}}

@article{Huang2009,
         author = {Huang, X.-Y. and Q. Xiao and D. M. Barker and Xin Zhang and J. Michalakes and W. Huang and T. Henderson and J. Bray and Y. Chen and Z. Ma and J. Dudhia and Y. Guo and Xiaoyan Zhang and D.-J. Won and H.-C. Lin and Y.-H. Kuo},
         title = {Four-Dimensional Variational Data Assimilation for {WRF}: 
                  Formulation and Preliminary Results.}, 
         journal = {Mon. Wea. Rev.},
         year = {2009},
         volume = 137,
         pages = {299--314}}

@article{Davis1983,
         author = {Davies, H. C.},
         title = {Limitations of some common lateral boundary schemes used in NWP models.}, 
         journal = {Mon. Wea. Rev.},
         year = {1983},
         volume = 111,
         pages = {1002--1012}}

@article{Davis1977,
         author = {Davies, H. C. and R. E. Turner},
         title = {Updating prediction model by dynamical relaxation: An examination of the technique.}, 
         journal = {Quart. J. Roy. Meteor. Soc.},
         year = {1977},
         volume = 103,
         pages = {225--245}}

@article{Lewis1985,
         author = {J. Lewis and J. Derber},
         title = {The use of adjoint equations to solve a variational adjustment problem with advective constraints}, 
         journal = {Tellus},
         year = {1985},
         volume = {37A},
         pages = {309-227}}

@article{Gusta1998,
         author = {Gustafsson, N. and E. Kallen and S. Thorsteinsson},
         title = {Sensitivity of forecast errors to initial and lateral boundary conditions.}, 
         journal = {Tellus},
         year = {1998},
         volume = {50A},
         pages = {167--185}}
         
@article{Gusta2012,
         author = {Gustafsson, N.},
         title = {Control of lateral boundary conditions in 4-dimensional variational data assimilation for limited area models.}, 
         journal = {Tellus},
         year = {2012},
         volume = {64},
         doi = {10.3402/tellusa.v64i0.17518}}

@article{Gustafd2012,
         author = {Gustafsson, N. and X.-Y Huang and X. Yang and K. Mogensen and M. Lindskog and O. Vignes and T. Wilhelmsson and S. Thorsteinsson},
         title = {Four-dimensional variational data assimilation for a limited area model.}, 
         journal = {Tellus},
         year = {2012},
         volume = {64},
         doi={10.3402/tellusa.v64i0.14985}}

@article{Kain2004,
         author = {John S. Kain},
         title = {The {K}ain–{F}ritsch Convective Parameterization: An Update.}, 
         journal = { J. Appl. Meteor.},
         year = {2004},
         volume = {43},
         pages = {170--181}}

@article{Honda2005,
         author = {Y. Honda and M. Nishijima and K. Koizumi and Y. Ohta and K. Tamiya and T. Kawabata and and T. Tsuyuki},
         title = {A pre-operational variational data assimilation system for a non-hydrostatic model at the {J}apan {M}eteorological {A}gency: Formulation and preliminary results.}, 
         journal = {Quart. J. Roy. Meteor. Soc.},
         year = {2005},
         volume = 131,
         pages = {3465--3475}}

@article{Kawa2007,
         author = {T. Kawabata and H. Seko and K. Saito and T. Kuroda and K. Tamiya and T. Tsuyuki and Y. Honda and Y. Wakazuki},
         title = {An assimilation and forecasting experiment of the {N}erima heavy rainfall with a cloud-resolving nonhydrostatic 4-dimensional variational data assimilation system.}, 
         journal = {J. Meteor. Soc. of Japan},
         year = {2007},
         volume = 85,
         pages = {255--276}}
         
@article{Gilmour2001,
         author = {I. Gilmour and L. Smith and R. Buizza},
         title = {Linear Regime Duration: Is 24 Hours a Long Time in Synoptic Weather Forecasting?}, 
         journal = {J. Atmos. Sci.},
         year = {2001},
         volume = {58},
         pages = {3525-3539}}
         
@article{Errico1992,
         author = {Errico, R. M. and T. Vukicevic},
         title = {Sensitivity analysis using of the PSU-NCAR mesoscale model}, 
         journal = {Mon. Wea. Rev.},
         year = {1992},
         volume = {120},
         pages = {1644-1660}}
                  
@article{Errico1993,
         author = {Errico, R. M. and T. Vukicevic and K.. Reader},
         title = {Comparison of initial and lateral boundary condition sensitivity for limited-area model}, 
         journal = {Tellus},
         year = {1993},
         volume = {45A},
         pages = {539--557}}

@article{Zou1995,
         author = {X. Zou and Y. -H. Kuo and Y. -R. Guo},
         title = {Assimilation of atmospheric radio refractivity using a nonhydrostatic mesoscale model}, 
         journal = {Mon. Wea. Rev.},
         year = {1995},
         volume = {123},
         pages = {2229--2249}}
         
@article{Navon1992,
         author = {I. M. Navon and X. Zou and J. Derber and J. Sela},
         title = {Variational data assimilation with an adiabatic version of the NMC spectral model}, 
         journal = {Mon. Wea. Rev.},
         year = {1992},
         volume = {120},
         pages = {1433--1446}}

@article{Vukicevic1991,
         author = {T. Vukicevic},
         title = {Nonlinear and linear evolution of initial forecast errors}, 
         journal = {Mon. Wea. Rev.},
         year = {1991},
         volume = {119},
         pages = {1602--1611}}
         
@article{BakerDaley2000,
         author = {N. L. Baker and R. Daley},
         title = {Observation and background adjoint sensitivity in the adaptive observation-targeting problem}, 
         journal = {Quart. J. Roy. Meteor. Soc.},
         year = {2000},
         volume = 126,
         pages = {1431-1454}}

@article{Kleist2005a,
         author = {D. T. Kleist and M. C. Morgan},
         title = {Interpretation of the stucture and evolution of adjoint-derived forecast sensitivity gradients}, 
         journal = {Mon. Wea. Rev.},
         year = {2005a},
         volume = {133},
         pages = {466-484}}
         
@article{Kleist2005b,
         author = {D. T. Kleist and M. C. Morgan},
         title = {Application of adjoint-derived forecast sensitivities to the 24–25 January 2000 U.S. East Coast snowstorm}, 
         journal = {Mon. Wea. Rev.},
         year = {2005b},
         volume = {133},
         pages = {3148–3175}}
         
@article{Li1999,
         author = {Z. Li and A. Barcilon and I. M. Navon},
         title = {Study of block onset using sensitivity perturbations in climatological flows}, 
         journal = {Mon. Wea. Rev.},
         year = {1999},
         volume = {127},
         pages = {879-900}}
         
@article{Langland1999,
         author = {R. H. Langland and R. Gelaro and G. D. Rohaly and M. A. Shapiro},
         title = {Target observations in FASTEX: Adjoint based targeting procedure and data impact experiments in IOP17 and IOP18}, 
         journal = {Quart. J. Roy. Meteor. Soc.},
         year = {1999},
         volume = {125},
         pages = {3241-3270}}
                  
@article{LanglandBaker2004,
         author = {RH Langland and NL Baker},
         title = {Estimation of observation impact using the NRL atmospheric variational data assimilation adjoint system}, 
         journal = {Tellus},
         year = {2004},
         volume = {56A},
         pages = {189-201}}

@article{ZhuGelaro2008,
         author = {Y Zhu and R Gelaro},
         title = {Observation sensitivity calculations using the adjoint of the Gridpoint Statistical Interpolation (GSI) analysis system}, 
         journal = {Mon. Wea. Rev.},
         year = {2008},
         volume = {136},
         pages = {335-351}}

@article{Zhangxin2013,
         author = {Xin Zhang and Xiang-Yu Huang and Ning Pan},
         title = {Development of the Upgraded Tangent Linear and Adjoint of the Weather Research and Forecasting ({WRF}) Model}, 
         journal = {J. Atmos. Oceanic Technol.},
         year = {2013},
         doi={10.1175/JTECH-D-12-00213.1}
}

@article{Sun1997,
         author = {J. Sun and N. A. Crook},
         title = {Dynamical and microphysical retrieval from {D}oppler radar observations using a cloud model and its adjoint. Part {I}: Model development and simulated data experiments.}, 
         journal = {J. Atmos. Sci.},
         year = {1997},
         volume = {54},
         pages = {1642-1661}}

@article{Hong2006,
         author = {Song-You Hong and Yign Noh and Jim Dudhia},
         title = {A New Vertical Diffusion Package with an Explicit Treatment of Entrainment Processes.}, 
         journal = {Mon. Wea. Rev.},
         year = {2006},
         volume = {134},
         pages = {2318-2341}}

@article{Ruggiero2006,
         author = {F. H. Ruggiero and J. Michalakes and T. Nehrkorn and G. D. Modica and X. Zou},
         title = {Development of a new distributed-memory {MM5} adjoint}, 
         journal = {J. Atmos. Oceanic Technol.},
         year = {2006},
         volume = {23},
         pages = {424-436}}

@article{Xiao2008,
         author = {QINGNONG Xiao and YING-HWA KUO and ZAIZHONG MA and WEI HUANG and XIANG-YU HUANG and XIAOYAN ZHANG and DALE M. BARKER and JOHN MICHALAKES AND JIMY DUDHIA},
         title = {Application of an Adiabatic {WRF} Adjoint to the Investigation of the May 2004 Mc{M}urdo, Antarctica, Severe Wind Event}, 
         journal = {Mon. Wea. Rev.},
         year = {2008},
         volume = {136},
         pages = {3696-3713}}

@article{Xiao2002,
         author = {Q. Xiao and X. Zou and M. Pondeca and M. A. Shapiro and C. S. Velden},
         title = {Impact of {GMS-5} and {GOES-9} satellite-derived winds on the prediction of a {NORPEX} extratropical cyclone}, 
         journal = {Mon. Wea. Rev.},
         year = {2002},
         volume = {130},
         pages = {507-528}}
         
@article{Cardinali2009,
         author = {C Cardinali},
         title = {Monitoring the observation impact on the short-range forecast}, 
         journal = {Quart. J. Roy. Meteor. Soc.},
         year = {2009},
         volume = {135},
         pages = {239-250}}

@article{LeDimet1986,
         author = {F. Le{ }Dimet and O. Talagrand},
         title = {Variational algorithms for analysis and assimilation of meteorological observations: Theoretic aspects}, 
         journal = {Tellus},
         year = {1986},
         volume = {38A},
         pages = {97-110}}
         
@article{Talagrand1997,
         author = {O. Talagrand},
         title = {Assimilation of observations, an introduction}, 
         journal = {J. Meteor. Soc. of Japan},
         year = {1997},
         volume = {75},
         pages = {191-209}}

@article{Lorenc1986,
         author = {AC Lorenc},
         title = {Analysis methods for numerical weather prediction}, 
         journal = {Quart. J. Roy. Meteor. Soc.},
         year = {1986},
         volume = {112},
         pages = {1177-1194}}

@article{Lorenc2005,
         author = {A. C. Lorenc and F. Rawlins},
         title = {Why does {4D-Var} beat {3D-Var}?}, 
         journal = {Quart. J. Roy. Meteor. Soc.},
         year = {2005},
         volume = {131},
         pages = {3247-3257}}

@article{Rawlins2007,
         author = {F. Rawlins and S. P. Ballard and K. J. Bovis and A. M. Clayton and D. Li and G. W. Inverarity and A. C. Lorenc and T. J. Payne},
         title = {The {M}et {O}ffice global 4-{D}imensional data assimilation system.}, 
         journal = {Quart. J. Roy. Meteor. Soc.},
         year = {2007},
         volume = {133},
         pages = {347--362}}
         
@article{Errico2007,
         author = {RM. Errico},
         title = {Interpretations of an adjoint-derived observational impact measure}, 
         journal = {Tellus},
         year = {2007},
         volume = {59A},
         pages = {273--276}}

@article{Errico1997,
         author = {RM. Errico},
         title = {What is an adjoint model?}, 
         journal = {BAMS},
         year = {1997},
         volume = {78},
         pages = {2577--2591}}

@article{Zupanski1993,
         author = {M. Zupanski},
         title = {Regional four-dimensional variational data assimilation in a quasi-operational forecasting environment}, 
         journal = {Mon. Wea. Rev.},
         year = {1993},
         volume = {121},
         pages = {2396--2408}}

@article{Zupanski2005,
         author = {M. Zupanski and D. Zupanski and T. Vukicevic and K. Eis and T. V. Haar},
         title = {{CIRA/CSU} four-dimensional variational data assimilation system}, 
         journal = {Mon. Wea. Rev.},
         year = {2005},
         volume = {133},
         pages = {829--843}}
         
@article{Gauthier2001,
         author = {P. Gauthier and J.-N. Th\'epaut},
         title = {Impact of the digital filter as a weak constraint in the preoperational {4DVAR} assimilation system of {M}\'et\'eo {F}rance}, 
         journal = {Mon. Wea. Rev.},
         year = {2001},
         volume = {129},
         pages = {2089--2102}}

@article{Gauthier2007,
         author = {P. Gauthier and M. Tanguay and S. Laroche and S. Pellerin},
         title = {Extension of {3DVAR} to {4DVAR}: Implementation of {4DVAR} at the {M}eteorological {S}ervice of {C}anada.}, 
         journal = {Mon. Wea. Rev.},
         year = {2007},
         volume = {135},
         pages = {2339--2364}}

@article{Gelaroetal2007,
         author = {Ronald Gelaro and Yanqiu Zhu and Ronald M. Errico},
         title = {Examination of various-order adjoint-based approximations of observation impact}, 
         journal = {METZEIT},
         year = {2007},
         volume = {16},
         pages = {685--692}}
            
@article{Rabier1996,
         author = {F. Rabier and E. Klinker and P. Courtier and A. Hollingsworth},
         title = {Sensitivity of forecast errors to initial conditions}, 
         journal = {Quart. J. Roy. Meteor. Soc.},
         year = {1996},
         volume = {122},
         pages = {121--150}}

@article{Rabier2000,
         author = {F. Rabier and H. J\"arvinen and E. Klinker and J.-F. Mahfouf and A. Simmons},
         title = {The {ECMWF} operational implementation of four-dimensional variational assimilation.Part {I}: Experimental results with simplified physics}, 
         journal = {Quart. J. Roy. Meteor. Soc.},
         year = {2000},
         volume = {126},
         pages = {1143--1170}}

@article{Mahfouf2000,
         author = { J.-F. Mahfouf and F. Rabier},
         title = {The {ECMWF} operational implementation of four-dimensional variational assimilation. Part {II}: Experimental results with improved physics}, 
         journal = {Quart. J. Roy. Meteor. Soc.},
         year = {2000},
         volume = {126},
         pages = {1171--1190}}
         
@article{Klinker2000,
         author = { E. Klinker and F. Rabier and G. Kelly and J.-F. Mahfouf},
         title = {The {ECMWF} operational implementation of four-dimensional variational assimilation. Part {III}: Experimental results and diagnostics with operational configuration}, 
         journal = {Quart. J. Roy. Meteor. Soc.},
         year = {2000},
         volume = {126},
         pages = {1191--1215}}
                  
@article{Courtier1994,
         author = {P. Courtier and J.-N. Th\'epaut and A. Hollingsworth},
         title = {A strategy for operational implementation of {4D-Var}, using an incremental approach}, 
         journal = {Quart. J. Roy. Meteor. Soc.},
         year = {1994},
         volume = {120},
         pages = {1367--1387}}
         
@article{Veerse1998,
         author = {F. Veers\'e and J.-N. Th\'epaut},
         title = {Multi-truncation incremental approach for four-dimensional variational data assimilation}, 
         journal = {Quart. J. Roy. Meteor. Soc.},
         year = {1998},
         volume = {124},
         pages = {1889--1908}}

@article{Yannick2007,
         author = {Yannick Tr\'emolet},
         title = {Incremental {4D-Var} convergence study}, 
         journal = {Tellus},
         year = {2007},
         volume = {59A},
         pages = {706--718}}
       
@article {Uppala2005,
	author = {Uppala, S. M. and K√Öllberg, P. W. and Simmons, A. J. and Andrae, U. and Bechtold, V. Da Costa and Fiorino, M. and Gibson, J. K. and Haseler, J. and Hernandez, A. and Kelly, G. A. and Li, X. and Onogi, K. and Saarinen, S. and Sokka, N. and Allan, R. P. and Andersson, E. and Arpe, K. and Balmaseda, M. A. and Beljaars, A. C. M. and Berg, L. Van De and Bidlot, J. and Bormann, N. and Caires, S. and Chevallier, F. and Dethof, A. and Dragosavac, M. and Fisher, M. and Fuentes, M. and Hagemann, S. and H√≥lm, E. and Hoskins, B. J. and Isaksen, L. and Janssen, P. A. E. M. and Jenne, R. and Mcnally, A. P. and Mahfouf, J.-F. and Morcrette, J.-J. and Rayner, N. A. and Saunders, R. W. and Simon, P. and Sterl, A. and Trenberth, K. E. and Untch, A. and Vasiljevic, D. and Viterbo, P. and Woollen, J.},
	title = {The {ERA-40} re-analysis},
	journal = {Quarterly Journal of the Royal Meteorological Society},
	volume = {131},
	number = {612},
	publisher = {John Wiley & Sons, Ltd.},
	issn = {1477-870X},
	url = {http://dx.doi.org/10.1256/qj.04.176},
	doi = {10.1256/qj.04.176},
	pages = {2961--3012},
	keywords = {Data assimilation, Numerical weather prediction, Observing system},
	year = {2005},
	}

@article{Xu2005,
         author = {Liang Xu and T. Rosmond and R. Daley},
         title = {Development of {NAVDAS-AR}: Formulation and initial tests of the linear problem.}, 
         journal = {Tellus},
         year = {2005},
         volume = {57A},
         pages = {546--559}}
         
@article{Rosmond2006,
         author = {Thomas Rosmond and L. Xu},
         title = {Development of {NAVDAS-AR}: Non-linear formulation and outer loop tests.}, 
         journal = {Tellus},
         year = {2006},
         volume = {58A},
         pages = {45--58}}
         
@INPROCEEDINGS{Zhang2012,
	AUTHOR  = {Xin Zhang and X.-Y. Huang},
	YEAR    = 2012,
	TITLE   = {The Development of Regional {WRF} Tangent Linear and Adjoint Models and Its Applications in {WRF} {4D-Var} System and GSI Based {WRF} {4D-Var} System},
	BOOKTITLE = {92nd American Meteorological Society Annual Meeting},
	ADDRESS = {New Orleans, LA, USA},
	PAGES   = {000--000}}

@INPROCEEDINGS{Zhang2013,
	AUTHOR  = {Xin Zhang and X.-Y. Huang},
	YEAR    = 2013,
	TITLE   = {Development of {GSI-based} {WRF} {4D-Var} system},
	BOOKTITLE = {93rd American Meteorological Society Annual Meeting},
	ADDRESS = {Austin, TX, USA},
	PAGES   = {000--000}}

%Electronic document database entry
@techreport{John2004,
	AUTHOR  = {J. Michalakes and D. Schaffer},
	YEAR    = {2004},
	TITLE   = {{WRF} Tiger Team Documentation: The Registry},
	type = {Technical Report},
	 institution = {INRIA},
	 url = "http://www.mmm.ucar.edu/wrf/WG2/software_2.0/registry_schaffer.pdf",
}

@techreport{Huang2002,
	AUTHOR  = {Xiang-Yu Huang and X. Yang and N. Gustafsson and K. Mogensen and M.
Lindskog},
	YEAR    = {2002},
	TITLE   = {Four-dimensional variational data assimilation for a limited area model},
	type = {Technical Report},
	 institution = {HIRLAM Tech. Rep. 57},
	 PAGES   = 41,
	 NOTE    = {[Available from SMHI, S-601 76 Norrkoping, Sweden.]}
}

@techreport{Zou1997,
	AUTHOR  = {X. Zou and F. Vandenberghe and M. Pondeca and Y. -H. Kuo},
	YEAR    = {1997},
	TITLE   = {Introduction to adjoint techniques and he {MM5} adjoint modeling system},
	type = {Technical Report},
	 institution = {NCAR Tech. Note NCAR/TN-435+STR},
	 PAGES   = 110,
	 NOTE    = {[Available from UCAR communications, P. O. Box 3000, Boulder, Co 80307-3000.]}
}

@techreport{Skamarock2008,
	AUTHOR  = {William C. Skamarock and Joseph B. Klemp and Jimy Dudhia and Dave O. Gill and Dale M. Barker and MIchael G. Duda and Xiang-Yu Huang and Wei Wang and Jordan. G. Powers},
	YEAR    = {2008},
	TITLE   = {A description of the advanced research {WRF} version 3},
	type = {Technical Report},
	 institution = {NCAR Tech. Note NCAR/TN-475+STR},
	 PAGES   = 113,
	 NOTE    = {[Available from UCAR communications, P. O. Box 3000, Boulder, Co 80307-3000.]}
}

@techreport{Skamarock2005,
	AUTHOR  = {William C. Skamarock and Joseph B. Klemp and Jimy Dudhia and Dave O. Gill and Dale M. Barker and Wei Wang and Jordan. G. Powers},
	YEAR    = {2005},
	TITLE   = {A description of the advanced research {WRF} version 2},
	type = {Technical Report},
	 institution = {NCAR Tech. Note NCAR/TN-468+STR},
	 PAGES   = 100,
	 NOTE    = {[Available from UCAR communications, P. O. Box 3000, Boulder, Co 80307-3000.]}
}

@techreport{Hascoet2004T2u,
  author = {Hasco\"et, L. and Pascual, V.},
  title = {TAPENADE 2.1 user's guide},
  institution = {INRIA},
  type = {Technical Report},
  number=0300,
  url = "http://www.inria.fr/rrrt/rt-0300.html",
  year=2004
}

@INCOLLECTION{
         Giering2005TLa,
       author = "Ralf Giering and Thomas Kaminski and Ricardo Todling and Ronald Errico and Ronald
         Gelaro and Nathan Winslow",
       title = "Tangent Linear and Adjoint Versions of {NASA/GMAO's} {F}ortran~90 Global Weather Forecast Model",
       pages = "275--284",
        booktitle = "Automatic Differentiation: Applications, Theory, and Implementations",
       year = "2005",
        publisher = "Springer"
}

@INCOLLECTION{
         Cheng2006ADb,
       booktitle = "Computational Methods in Science and Technology",
       author = "B. Cheng",
       publisher = "Polish Academy of Sciences",
       year = "2006",
       title = "A Duality between Forward and Adjoint {MPI} Communication Routines",
       pages = "23--24",
}
                                       
@INPROCEEDINGS{Morneauetal2006,
	AUTHOR  = {J Morneau and S Pellerin and S Laroche and M Tanguay},
	YEAR    = 2006,
	TITLE   = {Estimation of adjoint sensitivity gradients in observation space using the dual (PSAS) formulation of the Environment Canada operational 4DVar},
	BOOKTITLE = {Proceedings of the second THORPEX international science symposium},
	ADDRESS = {Landshut, Germany},
	ORGANIZATION = WMO,
	PAGES   = {162--163}}
	         
@INPROCEEDINGS{CardinaliBuizza2004,
	AUTHOR  = {C Cardinali and R. Buizza},
	YEAR    = 2004,
	TITLE   = {Observation sensitivity to the analysis and the forecast: A case study during ATreC targeting campaign},
	BOOKTITLE = {Proceedings of the first THORPEX international science symposium},
	ADDRESS = {Montreal, Canada},
	ORGANIZATION = WMO,
	PAGES   = {000--000}}
	                  
@INPROCEEDINGS{Stark2009,
	AUTHOR  = {Stark, D. and X. Huang and X. Zhang},
	YEAR    = 2009,
	TITLE   = {Making a single executable {WRF 4D-Var} with {ESMF}},
	BOOKTITLE = {10th Annual WRF Users’ Workshop},
	ADDRESS = {Boulder, CO},
	ORGANIZATION = NCAR,
	PAGES   = {000--000}}
	
@INPROCEEDINGS{Xuetal2006,
	AUTHOR  = {L Xu and R Langland and N Baker and T. Rosmond},
	YEAR    = 2006,
	TITLE   = {Development and testing of the adjoint of {NAVDAS-AR}},
	BOOKTITLE = {Seventh international workshop on adjoint applications in dynamic meteorology},
	ADDRESS = {Obergurgl, Austria},
	PAGES   = {000--000}}

@INPROCEEDINGS{Auligne2011,
	AUTHOR  = {T Auligne},
	YEAR    = 2011,
	TITLE   = {Forecast sensitivity to observations \& observation impact},
	BOOKTITLE = {2011 Summer {WRF} Data Assimilation tutorial},
	ADDRESS = {Boulder, CO},
	PAGES   = {000--000}}	
	
@INPROCEEDINGS{Jarvinen1998,
	AUTHOR  = {Heikki J\"arvinen},
	YEAR    = 1998,
	TITLE   = {Observations and diagnostic tools for data assimilation.},
	BOOKTITLE = {ECMWF Training Course},
		URL   = {http://www.ecmwf.int/newsevents/training/rcourse_notes/DATA_ASSIMILATION/OBS_AND_DIAG_TOOLS/index.html}}

@inproceedings{Utke2009TAM,
  author = {Utke, J. and Hasco{\"e}t, L. and Heimbach, P. and Hill, C.
            and Hovland, P. and Naumann, U.},
  title = "Toward Adjoinable MPI",
  booktitle = "Proceedings of the 10th IEEE International Workshop on Parallel
            and Distributed Scientific and Engineering, PDSEC'09",
  location = "Rome, Italy",
  year = "2009"
}