@article{Huang2009,
         author = {Huang, X.-Y. and Q. Xiao and D. M. Barker and Xin Zhang and J. Michalakes and W. Huang and T. Henderson and J. Bray and Y. Chen and Z. Ma and J. Dudhia and Y. Guo and Xiaoyan Zhang and D.-J. Won and H.-C. Lin and Y.-H. Kuo},
         title = {Four-Dimensional Variational Data Assimilation for WRF: 
                  Formulation and Preliminary Results.}, 
         journal = {Mon. Wea. Rev.},
         year = {2009},
         volume = 137,
         pages = {299--314}}

@article{Davis1983,
         author = {Davies, H. C.},
         title = {Limitations of some common lateral boundary schemes used in NWP models.}, 
         journal = {Mon. Wea. Rev.},
         year = {1983},
         volume = 111,
         pages = {1002--1012}}

@article{Davis1977,
         author = {Davies, H. C. and R. E. Turner},
         title = {Updating prediction model by dynamical relaxation: An examination of the technique.}, 
         journal = {Quart. J. Roy. Meteor. Soc.},
         year = {1977},
         volume = 103,
         pages = {225--245}}

@article{Gusta1998,
         author = {Gustafsson, N. and E. Kallen and S. Thorsteinsson},
         title = {Sensitivity of forecast errors to initial and lateral boundary conditions.}, 
         journal = {Tellus},
         year = {1998},
         volume = {50A},
         pages = {167--185}}
         
@article{Gusta2011,
         author = {Gustafsson, N.},
         title = {Control of lateral boundary conditions in 4-dimensional variational data assimilation for limited area models.}, 
         journal = {Tellus},
         year = {2011},
         volume = {XXX},
         pages = {XXX--XXX}}

@article{Gustafd2011,
         author = {Gustafsson, N. and X.-Y, Huang and X. Yang and K. Mogensen and M. Lindskog and O. Vignes and T. Wilhelmsson and S. Thorsteinsson},
         title = {Four-dimensional variational data assimilation for a limited area model.}, 
         journal = {Tellus},
         year = {2011},
         volume = {XXX},
         pages = {XXX--XXX}}

@article{Kawa2007,
         author = {Kawabata, T. and H. Seko and K. Saito and T. Kuroda and K. Tamiya and T. Tsuyuki and Y. Honda and Y. Wakazuki},
         title = {An assimilation and forecasting experiment of the Nerima heavy rainfall with a cloud-resolving nonhydrostatic 4-dimensional variational data assimilation system.}, 
         journal = {J. Meteor. Soc. of Japan},
         year = {2007},
         volume = 85,
         pages = {255--276}}
         
@article{Gilmour2001,
         author = {I. Gilmour and L. Smith and R. Buizza},
         title = {Linear Regime Duration: Is 24 Hours a Long Time in Synoptic Weather Forecasting?}, 
         journal = {J. Atmos. Sci.},
         year = {2001},
         volume = {58},
         pages = {3525-3539}}
         
@article{Errico1992,
         author = {Errico, R. M. and T. Vukicevic},
         title = {Sensitivity analysis using of the PSU-NCAR mesoscale model}, 
         journal = {Mon. Wea. Rev.},
         year = {1992},
         volume = {120},
         pages = {1644-1660}}
                  
@article{Errico1993,
         author = {Errico, R. M. and T. Vukicevic and K.. Reader},
         title = {Comparison of initial and lateral boundary condition sensitivity for limited-area model}, 
         journal = {Tellus},
         year = {1993},
         volume = {45A},
         pages = {539--557}}

@article{Navon1992,
         author = {I. M. Navon and X. Zou and J. Derber and J. Sela},
         title = {Variational data assimilation with an adiabatic version of the NMC spectral model}, 
         journal = {Mon. Wea. Rev.},
         year = {1992},
         volume = {120},
         pages = {1381-1393}}

@article{Vukicevic1991,
         author = {T. Vukicevic},
         title = {Nonlinear and linear evolution of initial forecast errors}, 
         journal = {Mon. Wea. Rev.},
         year = {1991},
         volume = {119},
         pages = {1602-1611}}
         
@article{BakerDaley2000,
         author = {NL Baker and R. Daley},
         title = {Observation and background adjoint sensitivity in the adaptive observation-targeting problem}, 
         journal = {Quart. J. Roy. Meteor. Soc.},
         year = {2000},
         volume = 126,
         pages = {1431-1454}}

@article{Kleist2005a,
         author = {D. T. Kleist and M. C. Morgan},
         title = {Interpretation of the stucture and evolution of adjoint-derived forecast sensitivity gradients}, 
         journal = {Mon. Wea. Rev.},
         year = {2005a},
         volume = {133},
         pages = {466-484}}
         
@article{Kleist2005b,
         author = {D. T. Kleist and M. C. Morgan},
         title = {Application of adjoint-derived forecast sensitivities to the 24Ð25 January 2000 U. S. East Coast snowstorm}, 
         journal = {Mon. Wea. Rev.},
         year = {2005b},
         volume = {133},
         pages = {3148Ð3175}}
         
@article{Li1999,
         author = {Z. Li and A. Barcilon and I. M. Navon},
         title = {Study of block onset using sensitivity perturbations in climatological flows}, 
         journal = {Mon. Wea. Rev.},
         year = {2002},
         volume = {127},
         pages = {879-900}}
         
@article{Langland1999,
         author = {R. H. Langland and R. Gelaro and G. D. Rohaly and M. A. Shapiro},
         title = {Target observations in FASTEX: Adjoint based targeting procedure and data impact experiments in IOP17 and IOP18}, 
         journal = {Quart. J. Roy. Meteor. Soc.},
         year = {1999},
         volume = {125},
         pages = {3241-3270}}
                  
@article{LanglandBaker2004,
         author = {RH Langland and NL Baker},
         title = {Estimation of observation impact using the NRL atmospheric variational data assimilation adjoint system}, 
         journal = {Tellus},
         year = {2004},
         volume = {56A},
         pages = {189-201}}

@article{ZhuGelaro2008,
         author = {Y Zhu and R Gelaro},
         title = {Observation sensitivity calculations using the adjoint of the Gridpoint Statistical Interpolation (GSI) analysis system}, 
         journal = {Mon. Wea. Rev.},
         year = {2008},
         volume = {136},
         pages = {335-351}}

@article{Xiao2008,
         author = {QINGNONG Xiao and YING-HWA KUO and ZAIZHONG MA and WEI HUANG and XIANG-YU HUANG and XIAOYAN ZHANG and DALE M. BARKER and JOHN MICHALAKES AND JIMY DUDHIA},
         title = {Application of an Adiabatic WRF Adjoint to the Investigation of the May 2004 McMurdo, Antarctica, Severe Wind Event}, 
         journal = {Mon. Wea. Rev.},
         year = {2008},
         volume = {136},
         pages = {3696-3713}}

@article{Xiao2002,
         author = {Q. Xiao and X. Zou and M. Pondeca and M. A. Shapiro and C. S. Velden},
         title = {Impact of GMS-5 and GOES-9 satellite-derived winds on the prediction of a NORPEX extratropical cyclone}, 
         journal = {Mon. Wea. Rev.},
         year = {2002},
         volume = {130},
         pages = {507-528}}
         
@article{Cardinali2009,
         author = {C Cardinali},
         title = {Monitoring the observation impact on the short-range forecast}, 
         journal = {Quart. J. Roy. Meteor. Soc.},
         year = {2009},
         volume = {135},
         pages = {239-250}}

@article{Talagrand1997,
         author = {O. Talagrand},
         title = {Assimilation of observations, an introduction}, 
         journal = {J. Meteor. Soc. of Japan},
         year = {1997},
         volume = {75},
         pages = {191-209}}

@article{Lorenc1986,
         author = {AC Lorenc},
         title = {Analysis methods for numerical weather prediction}, 
         journal = {Quart. J. Roy. Meteor. Soc.},
         year = {1986},
         volume = {112},
         pages = {1177-1194}}

@article{Errico2007,
         author = {RM. Errico},
         title = {Interpretations of an adjoint-derived observational impact measure}, 
         journal = {Tellus},
         year = {2007},
         volume = {59A},
         pages = {273-276}}

@article{Errico1997,
         author = {RM. Errico},
         title = {What is an adjoint model?}, 
         journal = {BAMS},
         year = {1997},
         volume = {78},
         pages = {2577-2591}}

@article{Gelaroetal2007,
         author = {Ronald Gelaro and Yanqiu Zhu and Ronald M. Errico},
         title = {Examination of various-order adjoint-based approximations of observation impact}, 
         journal = {METZEIT},
         year = {2007},
         volume = {16},
         pages = {685-692}}
            
@article{Rabier1996,
         author = {F. Rabier and E. Klinker and P. Courtier and A. Hollingsworth},
         title = {Sensitivity of forecast errors to initial conditions}, 
         journal = {Quart. J. Roy. Meteor. Soc.},
         year = {1996},
         volume = {122},
         pages = {121-150}}
         
@INPROCEEDINGS{Zhang2012,
	AUTHOR  = {Xin Zhang and X.-Y. Huang},
	YEAR    = 2012,
	TITLE   = {The Development of Regional WRF Tangent Linear and Adjoint Models and Its Applications in WRF 4D-Var System and GSI Based WRF 4D-Var System},
	BOOKTITLE = {92nd American Meteorological Society Annual Meeting},
	ADDRESS = {New Orelean, USA},
	PAGES   = {000--000}}

@INCOLLECTION{
         Giering2005TLa,
       author = "Ralf Giering and Thomas Kaminski and Ricardo Todling and Ronald Errico and Ronald
         Gelaro and Nathan Winslow",
       title = "Tangent Linear and Adjoint Versions of {NASA/GMAO's} {F}ortran~90 Global Weather
         Forecast Model",
       pages = "275--284",
        booktitle = "Automatic Differentiation: {A}pplications, Theory, and Implementations",
       year = "2005",
        publisher = "Springer"
}                                                   
@INPROCEEDINGS{Morneauetal2006,
	AUTHOR  = {J Morneau and S Pellerin and S Laroche and M Tanguay},
	YEAR    = 2006,
	TITLE   = {Estimation of adjoint sensitivity gradients in observation space using the dual (PSAS) formulation of the Environment Canada operational 4DVar},
	BOOKTITLE = {Proceedings of the second THORPEX international science symposium},
	ADDRESS = {Landshut, Germany},
	ORGANIZATION = WMO,
	PAGES   = {162--163}}
	         
@INPROCEEDINGS{CardinaliBuizza2004,
	AUTHOR  = {C Cardinali and R. Buizza},
	YEAR    = 2004,
	TITLE   = {Observation sensitivity to the analysis and the forecast: A case study during ATreC targeting campaign},
	BOOKTITLE = {Proceedings of the first THORPEX international science symposium},
	ADDRESS = {Montreal, Canada},
	ORGANIZATION = WMO,
	PAGES   = {000--000}}
	                  
@INPROCEEDINGS{Stark2009,
	AUTHOR  = {Stark, D. and X. Huang and X. Zhang},
	YEAR    = 2009,
	TITLE   = {Making a single executable WRF 4D-Var with ESMF},
	BOOKTITLE = {10th Annual WRF UsersÕ Workshop},
	ADDRESS = {Boulder, CO},
	ORGANIZATION = NCAR,
	PAGES   = {000--000}}
	
@INPROCEEDINGS{Xuetal2006,
	AUTHOR  = {L Xu and R Langland and N Baker and T. Rosmond},
	YEAR    = 2006,
	TITLE   = {Development and testing of the adjoint of NAVDAS-AR},
	BOOKTITLE = {Seventh international workshop on adjoint applications in dynamic meteorology},
	ADDRESS = {Obergurgl, Austria},
	PAGES   = {000--000}}

@INPROCEEDINGS{Auligne2011,
	AUTHOR  = {T Auligne},
	YEAR    = 2011,
	TITLE   = {Forecast sensitivity to observations \& observation impact},
	BOOKTITLE = {2011 Summer WRF Data Assimilation tutorial},
	ADDRESS = {Boulder, CO},
	PAGES   = {000--000}}	